@book{russell:2009, 
title={Artificial Intelligence: A Modern Approach},
author={Stuart Russell and Peter Norvig},
publisher={Pearson},
year={2009},
edition={3},
isbn={9780136042594}
}

@book{bird:2009, 
title = {Natural Language Processing with Python},
author = {Steven Bird and Ewan Klein and Edward Loper},
publisher = {O'Reilly Media},
year = {2009},
month = {7},
edition = {1},
isbn = {9780596516499},
}

@article{turing:1950,
author = {Alan M. Turing},
title = {Computing Machinery and Intelligence},
year = {1950},
journal = {Mind},
pages = {433-460}
}